@article{esim16,
  author    = {Qian Chen and
               Xiaodan Zhu and
               Zhen{-}Hua Ling and
               Si Wei and
               Hui Jiang},
  title     = {Enhancing and Combining Sequential and Tree {LSTM} for Natural Language
               Inference},
  journal   = {CoRR},
  volume    = {abs/1609.06038},
  year      = {2016},
  url       = {http://arxiv.org/abs/1609.06038},
  archivePrefix = {arXiv},
  eprint    = {1609.06038},
  timestamp = {Mon, 13 Aug 2018 16:48:17 +0200},
  biburl    = {https://dblp.org/rec/bib/journals/corr/ChenZLWJ16},
  bibsource = {dblp computer science bibliography, https://dblp.org}
}

@inproceedings{BahdanauCB14,
  author    = {Dzmitry Bahdanau and
               Kyunghyun Cho and
               Yoshua Bengio},
  title     = {Neural Machine Translation by Jointly Learning to Align and Translate},
  booktitle = {{ICLR}},
  year      = {2015},
  url       = {http://arxiv.org/abs/1409.0473},
  timestamp = {Wed, 27 Mar 2019 19:16:28 +0100},
  biburl    = {https://dblp.org/rec/bib/journals/corr/BahdanauCB14},
  bibsource = {dblp computer science bibliography, https://dblp.org}
}

@misc{smerity, 
title={Question answering on the Facebook bAbi dataset using recurrent neural networks and 175 lines of Python Keras}, 
url={https://smerity.com/articles/2015/keras_qa.html}, 
journal={Smerity.com}, 
year      = {2015},
author={Steve Merity}
}


@misc{neubigtalk, 
title={Learning with Latent Linguistic Structure}, 
url={http://www.phontron.com/slides/neubig18blackbox.pdf}, 
journal={blackbox_nlp}, 
year      = {2018},
author={Graham Neubig}
}

@article{treelstm,
  author    = {Kai Sheng Tai and
               Richard Socher and
               Christopher D. Manning},
  title     = {Improved Semantic Representations From Tree-Structured Long Short-Term
               Memory Networks},
  journal   = {CoRR},
  volume    = {abs/1503.00075},
  year      = {2015},
  url       = {http://arxiv.org/abs/1503.00075},
  archivePrefix = {arXiv},
  eprint    = {1503.00075},
  timestamp = {Mon, 13 Aug 2018 16:48:20 +0200},
  biburl    = {https://dblp.org/rec/bib/journals/corr/TaiSM15},
  bibsource = {dblp computer science bibliography, https://dblp.org}
}


